@inproceedings{foschini2011complexity,
  title={On the complexity of time-dependent shortest paths},
  author={Foschini, Luca and Hershberger, John and Suri, Subhash},
  booktitle={Proceedings of the twenty-second annual ACM-SIAM symposium on Discrete algorithms},
  pages={327--341},
  year={2011},
  organization={SIAM}
}

@article{boland2017continuous,
  title={The continuous-time service network design problem},
  author={Boland, Natashia and Hewitt, Mike and Marshall, Luke and Savelsbergh, Martin},
  journal={Operations research},
  volume={65},
  number={5},
  pages={1303--1321},
  year={2017},
  publisher={INFORMS}
}
@article{bellman1958routing,
  title={On a routing problem},
  author={Bellman, Richard},
  journal={Quarterly of applied mathematics},
  volume={16},
  number={1},
  pages={87--90},
  year={1958}
}

@book{ford2010flows,
  title={Flows in Networks},
  author={Ford, L.R. and Fulkerson, D.R.},
  isbn={9780691146676},
  lccn={2010929892},
  series={Princeton landmarks in mathematics and physics},
  url={https://books.google.com.vn/books?id=9h-DQgAACAAJ},
  year={2010},
  publisher={Princeton University Press}
}

@article{cooke1966shortest,
  title={The shortest route through a network with time-dependent internodal transit times},
  author={Cooke, Kenneth L and Halsey, Eric},
  journal={Journal of mathematical analysis and applications},
  volume={14},
  number={3},
  pages={493--498},
  year={1966},
  publisher={Elsevier}
}
@article{dean2004shortest,
  title={Shortest paths in FIFO time-dependent networks: Theory and algorithms},
  author={Dean, Brian C},
  journal={Rapport technique, Massachusetts Institute of Technology},
  volume={13},
  year={2004},
  publisher={Citeseer}
}
@inproceedings{demiryurek2011online,
  title={Online computation of fastest path in time-dependent spatial networks},
  author={Demiryurek, Ugur and Banaei-Kashani, Farnoush and Shahabi, Cyrus and Ranganathan, Anand},
  booktitle={International Symposium on Spatial and Temporal Databases},
  pages={92--111},
  year={2011},
  organization={Springer}
}
@article{jabali2012analysis,
  title={Analysis of travel times and CO2 emissions in time-dependent vehicle routing},
  author={Jabali, Ola and Van Woensel, Tom and De Kok, AG},
  journal={Production and Operations Management},
  volume={21},
  number={6},
  pages={1060--1074},
  year={2012},
  publisher={Wiley Online Library}
}
@article{orda1990shortest,
  title={Shortest-path and minimum-delay algorithms in networks with time-dependent edge-length},
  author={Orda, Ariel and Rom, Raphael},
  journal={Journal of the ACM (JACM)},
  volume={37},
  number={3},
  pages={607--625},
  year={1990},
  publisher={ACM New York, NY, USA}
}